@book{book1,
    author        = {Jennifer Davis & Ryn Daniels},
    title         = {Effective DevOps},
    year          = 2016,
    publisher     = {O'REILLY},
    isbn = {978-1-491-92630-7}
}

@book{book2,
    author        = {Michel Goossens, Frank Mittelbach & Alexander Samarin},
    title         = {Collaborative DevOps with Rational and Tivoli},
    year          = 2011,
    publisher     = {IBM Corporation},
}

@book{book3,
    author        = {Jez Humble & David Farley},
    title         = {Continuous Delivery - Reliable Software Releases Through Build, Test And Deployment Automation},
    year          = 2010,
    publisher     = {Addison-Wesley},
    isbn            = {978–0–321–60191–9}
}

@book{book4,
    author        = {Gene Kim, Kevin Behr & George Spafford},
    title         = {The Phoenix Project},
    year          = 2013,
    publisher     = {IT Revolution Press},
    isbn            = {978-0-988-26250-8}
}

@book{book5,
    author        = {Gene Kim, Jez Humble, Patrick Debois and John Willis},
    title         = {The DevOps handbook},
    year          = 2016,
    publisher     = {IT Revolution Press},
    isbn            = {978-1-942788-08-9}
}

@book{book6,
    author        = {Dave Ohara},
    title         = {Continuous delivery and the world of devops},
    year          = 2012,
    publisher     = {GigaOM Pro},
}

@book{book7,
    author        = {Jeff Geerling},
    title         = {Ansible for DevOps},
    year          = 2018,
    publisher     = {Leanpub},
    isbn          = {978-0-9863934-0-2}
}

@book{book8,
    author        = {Michael Hüttermann},
    title         = {DevOps for Developers},
    year          = 2012,
    publisher     = {Apress},
    isbn          = {978-1-4302-4570-4}
}

@book{book9,
    author        = {Kevin Behr, Gene Kim, George Spafford},
    title         = {The Visible Ops Handbook},
    year          = 2005,
    publisher     = {Information Technology Process inst},
    isbn          = {978-0-9755-6861-3}
}

@misc{a2019_what,
  month = {01},
  publisher = {the agile admin},
  title = {What Is DevOps?},
  url = {https://theagileadmin.com/what-is-devops/},
  year = {2019},
  organization = {the agile admin}
}

@misc{a2017_devops,
  title = {DevOps: What It Is and Why It Matters},
  url = {https://www.toptal.com/insights/innovation/what-is-devops},
  year = {2017},
  organization = {Toptal Insights Blog}
}

@book{book10,
    author        = {Myint Myint Moe},
    title         = {Comparative Study of Test-Driven Development (TDD), Behavior-Driven Development (BDD) and Acceptance Test–Driven Development (ATDD)},
    year          = 2019,
    publisher     = {University of Computer Studies, Hpa-An, Kayin State, Myanmar },
}

@misc{wright_2018_continuous,
  author = {Wright, Graham},
  month = {07},
  title = {Continuous Integration (CI)},
  url = {https://medium.com/@gwright_60924/continuous-integration-ci-e81032bb8502},
  urldate = {2020-06-29},
  year = {2018},
  organization = {Medium}
}

@misc{brenn_2019_noobs,
  author = {Brenn},
  month = {02},
  title = {Noobs Guide: Continuous Integration & Continuous Delivery},
  url = {https://medium.com/@brenn.a.hill/noobs-guide-continuous-integration-continuous-delivery-continuous-deployment-d26ac4f2beeb},
  urldate = {2020-06-29},
  year = {2019},
  organization = {Medium}
}

@misc{a2017_types,
  month = {08},
  title = {Types of Software Testing - GeeksforGeeks},
  url = {https://www.geeksforgeeks.org/types-software-testing/},
  year = {2017},
  organization = {GeeksforGeeks}
}

@misc{a2013_pep,
  publisher = {Python.org},
  title = {PEP 8 -- Style Guide for Python Code},
  url = {https://www.python.org/dev/peps/pep-0008/},
  year = {2013},
  organization = {Python.org}
}

@misc{a2019_types,
  month = {09},
  title = {Types of Software Testing: 100 Examples of Different Testing Types},
  url = {https://www.guru99.com/types-of-software-testing.html},
  year = {2019},
  organization = {Guru99.com}
}

@misc{a2019_mongodb,
  month = {12},
  title = {MongoDB vs SQLite: What are the Differences?},
  url = {https://www.codeclouds.com/blog/the-differences-between-mongodb-and-sqlite/},
  urldate = {2020-06-29},
  year = {2019},
  organization = {CodeClouds}
}
